<collection xmlns="http://www.loc.gov/MARC21/slim">
<record>
  <leader>01420nam0a22002891i 450 </leader>
  <controlfield tag="001">IT\ICCU\CNCE\064423</controlfield>
  <controlfield tag="005">20060407000000.0</controlfield>
  <datafield tag="012" ind1=" " ind2=" ">
    <subfield code="a">use- .&amp;e- n-i- iddi (3) 1522 (Q)</subfield>
    <subfield code="2">fei</subfield>
  </datafield>
  <datafield tag="100" ind1=" " ind2=" ">
    <subfield code="a">20060407f1522        0itac0103    ba</subfield>
  </datafield>
  <datafield tag="101" ind1=" " ind2=" ">
    <subfield code="a">LAT</subfield>
  </datafield>
  <datafield tag="102" ind1=" " ind2=" ">
    <subfield code="a">IT</subfield>
  </datafield>
  <datafield tag="200" ind1="1" ind2=" ">
    <subfield code="a">℗Leonardi Legij patricij Papiensis, practice ordinarie ibidem interpretis ℗Fabrica regiminis sanitatis non minus vtilis quam iocunda, cum tractatu regiminis Salernitanorum alias per Rainaldum Villanouam exposito</subfield>
  </datafield>
  <datafield tag="210" ind1=" " ind2=" ">
    <subfield code="d">\1522?!</subfield>
  </datafield>
  <datafield tag="215" ind1=" " ind2=" ">
    <subfield code="a">\2!, 47, \1! c.</subfield>
    <subfield code="c">ill.</subfield>
    <subfield code="d">4ʻ</subfield>
  </datafield>
  <datafield tag="300" ind1=" " ind2=" ">
    <subfield code="a">Stampata a Milano come si ricava dal privilegio. - La data si ricava dal privilegio</subfield>
  </datafield>
  <datafield tag="620" ind1=" " ind2=" ">
    <subfield code="a">IT</subfield>
    <subfield code="d">Milano</subfield>
  </datafield>
  <datafield tag="700" ind1=" " ind2="1">
    <subfield code="a">Leggi,</subfield>
    <subfield code="b">Leonardo</subfield>
    <subfield code="3">IT\ICCU\CNCA\005626</subfield>
  </datafield>
  <datafield tag="702" ind1=" " ind2="0">
    <subfield code="a">Arnaldus</subfield>
    <subfield code="c"> : de#Villanova</subfield>
    <subfield code="3">IT\ICCU\CNCA\000885</subfield>
  </datafield>
  <datafield tag="712" ind1="0" ind2="2">
    <subfield code="a">s.n.</subfield>
    <subfield code="3">IT\ICCU\CNCT\000002</subfield>
    <subfield code="4">650</subfield>
  </datafield>
  <datafield tag="790" ind1=" " ind2="1">
    <subfield code="a">Leggio,</subfield>
    <subfield code="b">Leonardo</subfield>
    <subfield code="3">IT\ICCU\CNCA\020418</subfield>
    <subfield code="z">Leggi, Leonardo</subfield>
  </datafield>
  <datafield tag="790" ind1=" " ind2="1">
    <subfield code="a">Legius,</subfield>
    <subfield code="b">Leonardus</subfield>
    <subfield code="3">IT\ICCU\CNCA\020419</subfield>
    <subfield code="z">Leggi, Leonardo</subfield>
  </datafield>
  <datafield tag="790" ind1=" " ind2="0">
    <subfield code="a">Arnaldo</subfield>
    <subfield code="c"> : de#Vilanova</subfield>
    <subfield code="3">IT\ICCU\CNCA\012263</subfield>
    <subfield code="z">Arnaldus : de#Villanova</subfield>
  </datafield>
  <datafield tag="790" ind1=" " ind2="0">
    <subfield code="a">Arnoldus</subfield>
    <subfield code="c"> : Novicomensis</subfield>
    <subfield code="3">IT\ICCU\CNCA\012265</subfield>
    <subfield code="z">Arnaldus : de#Villanova</subfield>
  </datafield>
  <datafield tag="790" ind1=" " ind2="1">
    <subfield code="a">Soler Pla,</subfield>
    <subfield code="b">Juan</subfield>
    <subfield code="3">IT\ICCU\CNCA\012266</subfield>
    <subfield code="z">Arnaldus : de#Villanova</subfield>
  </datafield>
  <datafield tag="790" ind1=" " ind2="1">
    <subfield code="a">Vilanova,</subfield>
    <subfield code="b">Arnau : de</subfield>
    <subfield code="3">IT\ICCU\CNCA\012267</subfield>
    <subfield code="z">Arnaldus : de#Villanova</subfield>
  </datafield>
  <datafield tag="801" ind1=" " ind2="3">
    <subfield code="a">IT</subfield>
    <subfield code="b">ICCU</subfield>
    <subfield code="c">20201115</subfield>
  </datafield>
  <datafield tag="899" ind1=" " ind2=" ">
    <subfield code="a">Biblioteca Apostolica Vaticana. Citt ̉del Vaticano</subfield>
    <subfield code="1">EX0001</subfield>
    <subfield code="2">ZCV 01</subfield>
  </datafield>
</record>
</collection>
